<record><leader>00000cas a22000007a 4500</leader><controlfield tag="001">12347513</controlfield><controlfield tag="008">850805u1936uuuupauwr n       0    0eng d</controlfield><controlfield tag="009">5601</controlfield><datafield ind1=" " ind2=" " tag="010"><subfield code="a">sn 85055046 </subfield></datafield><datafield ind1=" " ind2=" " tag="040"><subfield code="a">NPH</subfield><subfield code="b">eng</subfield><subfield code="c">NPH</subfield><subfield code="d">DLC</subfield></datafield><datafield ind1="1" ind2=" " tag="029"><subfield code="a">AU@</subfield><subfield code="b">000025803337</subfield></datafield><datafield ind1=" " ind2=" " tag="042"><subfield code="a">msc</subfield></datafield><datafield ind1="0" ind2="0" tag="245"><subfield code="a">Germantown courier.</subfield></datafield><datafield ind1=" " ind2=" " tag="260"><subfield code="a">Germantown, Phila. [Pa.] :</subfield><subfield code="b">Philadelphia Suburban Newspapers, Inc.,</subfield><subfield code="c">1936-</subfield></datafield><datafield ind1=" " ind2=" " tag="300"><subfield code="a">v. :</subfield><subfield code="b">ill. ;</subfield><subfield code="c">58 cm.</subfield></datafield><datafield ind1=" " ind2=" " tag="310"><subfield code="a">Weekly</subfield></datafield><datafield ind1="0" ind2=" " tag="362"><subfield code="a">Vol. 1, no. 1 (Dec. 4, 1936)-</subfield></datafield><datafield ind1=" " ind2=" " tag="752"><subfield code="a">United States</subfield><subfield code="b">Pennsylvania</subfield><subfield code="c">Philadelphia</subfield><subfield code="d">Philadelphia.</subfield></datafield><datafield ind1="0" ind2="5" tag="780"><subfield code="t">Germantown telegraph (Germantown, Pa. : 1840)</subfield><subfield code="w">(OCoLC)10169720</subfield><subfield code="w">(DLC)sn 83032107</subfield></datafield></record>